@misc{Geno2011,
	author = "Michael E. Wall, Sindhu Raghavan, Judith D. Cohn, and John Dunbar",
	year = "2011",
	title = "Genome Majority Vote Improves Gene Predictions",
	url = "https://www.ncbi.nlm.nih.gov/pmc/articles/PMC3219611/",
	institution = "PLoS Comput Biol",
}